@article{Allen1970,
author = {Allen, Frances E.},
title = {Control Flow Analysis},
journal = {ACM SIGPLAN Notices},
volume = {5},
year = {1970},
acmid = {808479},
address = {New York, NY, USA},
doi = {10.1145/390013.808479},
issn = {0362-1340},
issue_date = {July 1970},
month = jul,
number = {7},
numpages = {19},
pages = {1--19},
publisher = {ACM},
url = {http://doi.acm.org/10.1145/390013.808479},
}

@inbook{Anand2007,
author = {Anand, Saswat and Păsăreanu, Corina S. and Visser, Willem},
title = {{JPF–SE: A Symbolic Execution Extension to Java PathFinder}},
booktitle = {Tools and Algorithms for the Construction and Analysis of Systems: 13th International Conference, TACAS 2007, Held as Part of the Joint European Conferences on Theory and Practice of Software, ETAPS 2007 Braga, Portugal, March 24 - April 1, 2007. Proceedings},
year = {2007},
address = {Berlin, Heidelberg},
doi = {10.1007/978-3-540-71209-1_12},
editor = {Grumberg, Orna and Huth, Michael},
isbn = {978-3-540-71209-1},
pages = {134--138},
publisher = {Springer Berlin Heidelberg},
url = {https://doi.org/10.1007/978-3-540-71209-1{\_}12},
}

@article{Armbrust2015a,
author = {Armbrust, Michael and Das, Tathagata and Davidson, Aaron and Ghodsi, Ali and Or, Andrew and Rosen, Josh and Stoica, Ion and Wendell, Patrick and Xin, Reynold and Zaharia, Matei},
title = {Scaling Spark in the Real World: Performance and Usability},
journal = {Proceedings of the VLDB Endowment},
volume = {8},
year = {2015},
acmid = {2824080},
doi = {10.14778/2824032.2824080},
issn = {2150-8097},
issue_date = {August 2015},
month = aug,
number = {12},
numpages = {4},
pages = {1840--1843},
publisher = {VLDB Endowment},
url = {http://dx.doi.org/10.14778/2824032.2824080},
}

@inproceedings{Armbrust2015,
author = {Armbrust, Michael and Xin, Reynold S. and Lian, Cheng and Huai, Yin and Liu, Davies and Bradley, Joseph K. and Meng, Xiangrui and Kaftan, Tomer and Franklin, Michael J. and Ghodsi, Ali and Zaharia, Matei},
title = {Spark SQL: Relational Data Processing in Spark},
acmid = {2742797},
booktitle = {Proceedings of the 2015 ACM SIGMOD International Conference on Management of Data},
year = {2015},
address = {New York, NY, USA},
doi = {10.1145/2723372.2742797},
isbn = {978-1-4503-2758-9},
location = {Melbourne, Victoria, Australia},
numpages = {12},
pages = {1383--1394},
publisher = {ACM},
series = {SIGMOD '15},
url = {http://doi.acm.org/10.1145/2723372.2742797},
}

@inproceedings{Barrett2007,
author = {Barrett, Clark and Tinelli, Cesare},
title = {CVC3},
booktitle = {Proceedings of the 19th International Conference on Computer Aided Verification},
series = {CAV'07},
year = {2007},
isbn = {978-3-540-73367-6},
location = {Berlin, Germany},
pages = {298--302},
numpages = {5},
url = {http://dl.acm.org/citation.cfm?id=1770351.1770397},
acmid = {1770397},
publisher = {Springer-Verlag},
address = {Berlin, Heidelberg},
}

@article{Bush2000,
author = {Bush, William R. and Pincus, Jonathan D. and Sielaff, David J.},
title = {A static analyzer for finding dynamic programming errors},
journal = {Software: Practice and Experience},
volume = {30},
year = {2000},
number = {7},
publisher = {John Wiley & Sons, Ltd.},
issn = {1097-024X},
url = {http://dx.doi.org/10.1002/(SICI)1097-024X(200006)30:7<775::AID-SPE309>3.0.CO;2-H},
doi = {10.1002/(SICI)1097-024X(200006)30:7<775::AID-SPE309>3.0.CO;2-H},
pages = {775--802},
keywords = {program analysis, program error checking},
}

@inproceedings{Cadar2008,
author = {Cadar, Cristian and Dunbar, Daniel and Engler, Dawson},
title = {KLEE: Unassisted and Automatic Generation of High-coverage Tests for Complex Systems Programs},
booktitle = {Proceedings of the 8th USENIX Conference on Operating Systems Design and Implementation},
series = {OSDI'08},
year = {2008},
location = {San Diego, California},
pages = {209--224},
numpages = {16},
url = {http://dl.acm.org/citation.cfm?id=1855741.1855756},
acmid = {1855756},
publisher = {USENIX Association},
address = {Berkeley, CA, USA},
}

@article{Cadar2013,
author = {Cadar, Cristian and Sen, Koushik},
title = {Symbolic Execution for Software Testing: Three Decades Later},
journal = {Communications of the ACM},
issue_date = {February 2013},
volume = {56},
number = {2},
month = feb,
year = {2013},
issn = {0001-0782},
pages = {82--90},
numpages = {9},
url = {http://doi.acm.org/10.1145/2408776.2408795},
doi = {10.1145/2408776.2408795},
acmid = {2408795},
publisher = {ACM},
address = {New York, NY, USA},
}

@article{Clarke1976, 
author = {L. A. Clarke}, 
title = {A System to Generate Test Data and Symbolically Execute Programs}, 
journal = {IEEE Transactions on Software Engineering}, 
volume = {SE-2}, 
year = {1976}, 
number = {3}, 
pages = {215--222}, 
doi = {10.1109/TSE.1976.233817}, 
issn = {0098-5589}, 
month = {Sept},
}

@book{Clarke2000,
author = {Clarke,Jr., Edmund M. and Grumberg, Orna and Peled, Doron A.},
title = {Model Checking},
year = {1999},
isbn = {0-262-03270-8},
publisher = {MIT Press},
address = {Cambridge, MA, USA},
}

@inproceedings{Csallner,
author = {Csallner, Christoph and Fegaras, Leonidas and Li, Chengkai},
title = {New Ideas Track: Testing Mapreduce-style Programs},
booktitle = {Proceedings of the 19th ACM SIGSOFT Symposium and the 13th European Conference on Foundations of Software Engineering},
series = {ESEC/FSE '11},
year = {2011},
isbn = {978-1-4503-0443-6},
location = {Szeged, Hungary},
pages = {504--507},
numpages = {4},
url = {http://doi.acm.org/10.1145/2025113.2025204},
doi = {10.1145/2025113.2025204},
acmid = {2025204},
publisher = {ACM},
address = {New York, NY, USA},
keywords = {dynamic symbolic execution, mapreduce, test generation},
}

@inproceedings{Csallner2008,
author = {Csallner, Christoph and Tillmann, Nikolai and Smaragdakis, Yannis},
title = {DySy: Dynamic Symbolic Execution for Invariant Inference},
booktitle = {Proceedings of the 30th International Conference on Software Engineering},
series = {ICSE '08},
year = {2008},
isbn = {978-1-60558-079-1},
location = {Leipzig, Germany},
pages = {281--290},
numpages = {10},
url = {http://doi.acm.org/10.1145/1368088.1368127},
doi = {10.1145/1368088.1368127},
acmid = {1368127},
publisher = {ACM},
address = {New York, NY, USA},
keywords = {daikon, dynamic invariant inference, dysy, pex, symbolic reasoning},
}

@article{Dean2008,
author = {Dean, Jeffrey and Ghemawat, Sanjay},
title = {MapReduce: Simplified Data Processing on Large Clusters},
journal = {Communications of the ACM},
issue_date = {January 2008},
volume = {51},
number = {1},
month = jan,
year = {2008},
issn = {0001-0782},
pages = {107--113},
numpages = {7},
url = {http://doi.acm.org/10.1145/1327452.1327492},
doi = {10.1145/1327452.1327492},
acmid = {1327492},
publisher = {ACM},
address = {New York, NY, USA},
}

@inproceedings{DeMoura2008,
author = {De Moura, Leonardo and Bj{\o}rner, Nikolaj},
title = {Z3: An Efficient SMT Solver},
booktitle = {Proceedings of the Theory and Practice of Software, 14th International Conference on Tools and Algorithms for the Construction and Analysis of Systems},
series = {TACAS'08/ETAPS'08},
year = {2008},
isbn = {3-540-78799-2, 978-3-540-78799-0},
location = {Budapest, Hungary},
pages = {337--340},
numpages = {4},
url = {http://dl.acm.org/citation.cfm?id=1792734.1792766},
acmid = {1792766},
publisher = {Springer-Verlag},
address = {Berlin, Heidelberg},
}

@book{Gamma1994,
added-at = {2010-06-05T16:40:25.000+0200},
asin = {0201633612},
author = {Gamma, Erich and Helm, Richard and Johnson, Ralph and Vlissides, John M.},
biburl = {https://www.bibsonomy.org/bibtex/27e3f1154ab1fbce54752a46dba7f2217/pnk},
description = {Amazon.com: Design Patterns: Elements of Reusable Object-Oriented Software (9780201633610): Erich Gamma, Richard Helm, Ralph Johnson, John M. Vlissides: Books},
dewey = {005.12},
ean = {9780201633610},
edition = 1,
interhash = {7fe32957be97afaf4ecb38b5490d23b4},
intrahash = {7e3f1154ab1fbce54752a46dba7f2217},
isbn = {0201633612},
keywords = {DBIS Design Object-Oriented Patterns SS2010 Seminar Software},
publisher = {Addison-Wesley Professional},
timestamp = {2010-06-05T16:40:25.000+0200},
title = {Design Patterns: Elements of Reusable Object-Oriented Software},
url = {http://www.amazon.com/Design-Patterns-Elements-Reusable-Object-Oriented/dp/0201633612/ref=ntt_at_ep_dpi_1},
year = 1994
}

@inproceedings{Ghemawat2003,
author = {Ghemawat, Sanjay and Gobioff, Howard and Leung, Shun-Tak},
title = {The Google File System},
booktitle = {Proceedings of the Nineteenth ACM Symposium on Operating Systems Principles},
series = {SOSP '03},
year = {2003},
isbn = {1-58113-757-5},
location = {Bolton Landing, NY, USA},
pages = {29--43},
numpages = {15},
url = {http://doi.acm.org/10.1145/945445.945450},
doi = {10.1145/945445.945450},
acmid = {945450},
publisher = {ACM},
address = {New York, NY, USA},
keywords = {clustered storage, data storage, fault tolerance, scalability},
}

@book{Godefroid1996,
author = {Godefroid, Patrice},
editor = {Leeuwen, J. van and Hartmanis, J. and Goos, G.},
title = {Partial-Order Methods for the Verification of Concurrent Systems: An Approach to the State-Explosion Problem},
year = {1996},
isbn = {3540607617},
publisher = {Springer-Verlag New York, Inc.},
address = {Secaucus, NJ, USA},
} 

@inproceedings{Godefroid2005,
author = {Godefroid, Patrice and Klarlund, Nils and Sen, Koushik},
title = {DART: Directed Automated Random Testing},
booktitle = {Proceedings of the 2005 ACM SIGPLAN Conference on Programming Language Design and Implementation},
series = {PLDI '05},
year = {2005},
isbn = {1-59593-056-6},
location = {Chicago, IL, USA},
pages = {213--223},
numpages = {11},
url = {http://doi.acm.org/10.1145/1065010.1065036},
doi = {10.1145/1065010.1065036},
acmid = {1065036},
publisher = {ACM},
address = {New York, NY, USA},
keywords = {automated test generation, interfaces, program verification, random testing, software testing},
}

@inproceedings{Godefroid2008,
author = {Godefroid, Patrice and Levin, Michael Y. and Molnar, David A.},
title = {Automated Whitebox Fuzz Testing},
booktitle = {Proceedings of the Network and Distributed System Security Symposium, {NDSS} 2008, San Diego, California, USA, 10th February - 13th February 2008},
year = {2008},
url = {http://www.isoc.org/isoc/conferences/ndss/08/papers/10_automated_whitebox_fuzz.pdf},
biburl = {http://dblp.dagstuhl.de/rec/bib/conf/ndss/GodefroidLM08},
bibsource = {dblp computer science bibliography, http://dblp.org}
}

@book{Gosling2014,
author = {Gosling, James and Joy, Bill and Steele, Guy L. and Bracha, Gilad and Buckley, Alex},
title = {The Java Language Specification, Java SE 8 Edition},
year = {2014},
isbn = {013390069X, 9780133900699},
edition = {1st},
publisher = {Addison-Wesley Professional},
}

@inproceedings{Gulzar2016,
author = {Gulzar, Muhammad Ali and Interlandi, Matteo and Yoo, Seunghyun and Tetali, Sai Deep and Condie, Tyson and Millstein, Todd and Kim, Miryung},
title = {BigDebug: Debugging Primitives for Interactive Big Data Processing in Spark},
booktitle = {Proceedings of the 38th International Conference on Software Engineering},
series = {ICSE '16},
year = {2016},
isbn = {978-1-4503-3900-1},
location = {Austin, Texas},
pages = {784--795},
numpages = {12},
url = {http://doi.acm.org/10.1145/2884781.2884813},
doi = {10.1145/2884781.2884813},
acmid = {2884813},
publisher = {ACM},
address = {New York, NY, USA},
keywords = {big data analytics, data-intensive scalable computing (DISC), debugging, fault localization and recovery, interactive tools},
}

@article{Havelund2000,	
author = {Havelund, Klaus and Pressburger, Thomas},
title = {{Model checking JAVA programs using JAVA PathFinder}},
journal = {International Journal on Software Tools for Technology Transfer},
volume = {2},
number = {4},
doi = {10.1007/s100090050043},
issn = {1433-2779},
pages = {366--381},
url = {https://doi.org/10.1007/s100090050043},
year = {2000}
}

@article{Hoare1969,
author = {Hoare, C. A. R.},
title = {An Axiomatic Basis for Computer Programming},
journal = {Communications of the ACM},
issue_date = {Oct. 1969},
volume = {12},
number = {10},
month = oct,
year = {1969},
issn = {0001-0782},
pages = {576--580},
numpages = {5},
url = {http://doi.acm.org/10.1145/363235.363259},
doi = {10.1145/363235.363259},
acmid = {363259},
publisher = {ACM},
address = {New York, NY, USA},
keywords = {axiomatic method, formal language definition, machine-independent programming, program documentation, programming language design, theory of programming' proofs of programs},
} 

@article{Interlandi2015,
author = {Interlandi, Matteo and Shah, Kshitij and Tetali, Sai Deep and Gulzar, Muhammad Ali and Yoo, Seunghyun and Kim, Miryung and Millstein, Todd and Condie, Tyson},
title = {Titian: Data Provenance Support in Spark},
journal = {Proceedings of the VLDB Endowment},
issue_date = {November 2015},
volume = {9},
number = {3},
month = nov,
year = {2015},
issn = {2150-8097},
pages = {216--227},
numpages = {12},
url = {http://dx.doi.org/10.14778/2850583.2850595},
doi = {10.14778/2850583.2850595},
acmid = {2850595},
publisher = {VLDB Endowment},
}

@inproceedings{Isard2007,
author = {Isard, Michael and Budiu, Mihai and Yu, Yuan and Birrell, Andrew and Fetterly, Dennis},
title = {Dryad: Distributed Data-parallel Programs from Sequential Building Blocks},
booktitle = {Proceedings of the 2Nd ACM SIGOPS/EuroSys European Conference on Computer Systems 2007},
series = {EuroSys '07},
year = {2007},
isbn = {978-1-59593-636-3},
location = {Lisbon, Portugal},
pages = {59--72},
numpages = {14},
url = {http://doi.acm.org/10.1145/1272996.1273005},
doi = {10.1145/1272996.1273005},
acmid = {1273005},
publisher = {ACM},
address = {New York, NY, USA},
keywords = {cluster computing, concurrency, dataflow, distributed programming},
}

@inbook{Khurshid2003,
author = {Khurshid, Sarfraz and Păsăreanu, Corina S. and Visser, Willem},
title = {{Generalized Symbolic Execution for Model Checking and Testing}},
booktitle = {Tools and Algorithms for the Construction and Analysis of Systems: 9th International Conference, TACAS 2003 Held as Part of the Joint European Conferences on Theory and Practice of Software, ETAPS 2003 Warsaw, Poland, April 7--11, 2003 Proceedings},
year = {2003},
address = {Berlin, Heidelberg},
doi = {10.1007/3-540-36577-X_40},
editor = {Garavel, Hubert and Hatcliff, John},
isbn = {978-3-540-36577-8},
pages = {553--568},
publisher = {Springer Berlin Heidelberg},
url = {https://doi.org/10.1007/3-540-36577-X{\_}40},
}


@article{King1976,
author = {King, James C.},
title = {Symbolic Execution and Program Testing},
journal = {Communincations of the ACM},
issue_date = {July 1976},
volume = {19},
number = {7},
month = jul,
year = {1976},
issn = {0001-0782},
pages = {385--394},
numpages = {10},
url = {http://doi.acm.org/10.1145/360248.360252},
doi = {10.1145/360248.360252},
acmid = {360252},
publisher = {ACM},
address = {New York, NY, USA},
keywords = {program debugging, program proving, program testing, program verification, symbolic execution, symbolic interpretation},
}

@inproceedings{Li2015,
author = {Li, Min and Tan, Jian and Wang, Yandong and Zhang, Li and Salapura, Valentina},
title = {SparkBench: A Comprehensive Benchmarking Suite for in Memory Data Analytic Platform Spark},
booktitle = {Proceedings of the 12th ACM International Conference on Computing Frontiers},
series = {CF '15},
year = {2015},
isbn = {978-1-4503-3358-0},
location = {Ischia, Italy},
pages = {53:1--53:8},
articleno = {53},
numpages = {8},
url = {http://doi.acm.org/10.1145/2742854.2747283},
doi = {10.1145/2742854.2747283},
acmid = {2747283},
publisher = {ACM},
address = {New York, NY, USA},
keywords = {benchmarking, cloud computing, evaluation, in memory data analytics, spark},
}

@book{Lindholm2014,
author = {Lindholm, Tim and Yellin, Frank and Bracha, Gilad and Buckley, Alex},
title = {The Java Virtual Machine Specification, Java SE 8 Edition},
year = {2014},
isbn = {013390590X, 9780133905908},
edition = {1st},
publisher = {Addison-Wesley Professional},
}

@article{Luckow2014,
author = {Luckow, Kasper S. and Păsăreanu, Corina S.},
title = {Symbolic PathFinder V7},
journal = {SIGSOFT Software Engineering Notes},
issue_date = {January 2014},
volume = {39},
number = {1},
month = feb,
year = {2014},
issn = {0163-5948},
pages = {1--5},
numpages = {5},
url = {http://doi.acm.org/10.1145/2557833.2560571},
doi = {10.1145/2557833.2560571},
acmid = {2560571},
publisher = {ACM},
address = {New York, NY, USA},
keywords = {Java PathFinder, debugging, software engineering, symbolic pathFinder},
}

@inbook{Luckow2016,	
author = {Luckow, Kasper and Dimja{\v{s}}evi{\'{c}}, Marko and Giannakopoulou, Dimitra and Howar, Falk and Isberner, Malte and Kahsai, Temesghen and Rakamari{\'{c}}, Zvonimir and Raman, Vishwanath},
title = {{JDart: A Dynamic Symbolic Analysis Framework}},
booktitle = {Tools and Algorithms for the Construction and Analysis of Systems: 22nd International Conference, TACAS 2016, Held as Part of the European Joint Conferences on Theory and Practice of Software, ETAPS 2016, Eindhoven, The Netherlands, April 2-8, 2016, Proceedings},
year = {2016},
address = {Berlin, Heidelberg},
doi = {10.1007/978-3-662-49674-9_26},
editor = {Chechik, Marsha and Raskin, Jean-Fran{\c{c}}ois},
isbn = {978-3-662-49674-9},
pages = {442--459},
publisher = {Springer Berlin Heidelberg},
url = {https://doi.org/10.1007/978-3-662-49674-9{\_}26},
}

@inproceedings{McCabe1976,
author = {McCabe, Thomas J.},
title = {A Complexity Measure},
booktitle = {Proceedings of the 2Nd International Conference on Software Engineering},
series = {ICSE '76},
year = {1976},
location = {San Francisco, California, USA},
pages = {407--},
url = {http://dl.acm.org/citation.cfm?id=800253.807712},
acmid = {807712},
publisher = {IEEE Computer Society Press},
address = {Los Alamitos, CA, USA},
keywords = {Basis, Complexity measure, Control flow, Decomposition, Graph theory, Independence, Linear, Modularization, Programming, Reduction, Software, Testing},
}

@article{Meng2016,
author = {Meng, Xiangrui and Bradley, Joseph and Yavuz, Burak and Sparks, Evan and Venkataraman, Shivaram and Liu, Davies and Freeman, Jeremy and Tsai, DB and Amde, Manish and Owen, Sean and Xin, Doris and Xin, Reynold and Franklin, Michael J. and Zadeh, Reza and Zaharia, Matei and Talwalkar, Ameet},
title = {MLlib: Machine Learning in Apache Spark},
journal = {Journal of Machine Learning Research},
issue_date = {January 2016},
volume = {17},
number = {1},
month = jan,
year = {2016},
issn = {1532-4435},
pages = {1235--1241},
numpages = {7},
url = {http://dl.acm.org/citation.cfm?id=2946645.2946679},
acmid = {2946679},
publisher = {JMLR.org},
keywords = {apache spark, distributed algorithms, scalable machine learning},
}

@article{Merkel2014,
author = {Merkel, Dirk},
title = {Docker: Lightweight Linux Containers for Consistent Development and Deployment},
journal = {Linux Journal},
issue_date = {March 2014},
volume = {2014},
number = {239},
month = mar,
year = {2014},
issn = {1075-3583},
articleno = {2},
url = {http://dl.acm.org/citation.cfm?id=2600239.2600241},
acmid = {2600241},
publisher = {Belltown Media},
address = {Houston, TX},
}

@book{BookPezze2008,
title={Software testing and analysis: process, principles, and techniques},
author={Pezz{\`e}, M. and Young, M.},
isbn={9780471455936},
lccn={2008299671},
year={2008},
publisher={Wiley}
}

@manual{Choco2016,
author={Charles Prud'homme and Jean-Guillaume Fages and Xavier Lorca},
title={Choco Documentation},
year={2016},
organization={TASC{,} INRIA Rennes{,} LINA CNRS UMR 6241{,} COSLING S.A.S.},
timestamp={Thu, 13 June 2016},
url={http://www.choco-solver.org },
}

@inproceedings{Pasareanu2010,
author = {Păsăreanu, Corina S. and Rungta, Neha},
title = {Symbolic PathFinder: Symbolic Execution of Java Bytecode},
booktitle = {Proceedings of the IEEE/ACM International Conference on Automated Software Engineering},
series = {ASE '10},
year = {2010},
isbn = {978-1-4503-0116-9},
location = {Antwerp, Belgium},
pages = {179--180},
numpages = {2},
url = {http://doi.acm.org/10.1145/1858996.1859035},
doi = {10.1145/1858996.1859035},
acmid = {1859035},
publisher = {ACM},
address = {New York, NY, USA},
keywords = {automated test case generation, program analysis},
}

@inbook{Pasareanu2008,
author = {Păsăreanu, Corina S. and Visser, Willem},
address = {Berlin, Heidelberg},
booktitle = {Hardware and Software: Verification and Testing: Third International Haifa Verification Conference, HVC 2007, Haifa, Israel, October 23-25, 2007. Proceedings},
doi = {10.1007/978-3-540-77966-7_5},
editor = {Yorav, Karen},
isbn = {978-3-540-77966-7},
pages = {17--18},
publisher = {Springer Berlin Heidelberg},
title = {{Symbolic Execution and Model Checking for Testing}},
url = {https://doi.org/10.1007/978-3-540-77966-7{\_}5},
year = {2008},
}

@inproceedings{Pasareanu2008b,
author = {Păsăreanu, Corina S. and Mehlitz, Peter C. and Bushnell, David H. and Gundy-Burlet, Karen and Lowry, Michael and Person, Suzette and Pape, Mark},
title = {Combining Unit-level Symbolic Execution and System-level Concrete Execution for Testing Nasa Software},
booktitle = {Proceedings of the 2008 International Symposium on Software Testing and Analysis},
series = {ISSTA '08},
year = {2008},
isbn = {978-1-60558-050-0},
location = {Seattle, WA, USA},
pages = {15--26},
numpages = {12},
url = {http://doi.acm.org/10.1145/1390630.1390635},
doi = {10.1145/1390630.1390635},
acmid = {1390635},
publisher = {ACM},
address = {New York, NY, USA},
keywords = {software model checking, symbolic execution, system testing, unit testing},
}

@article{Pasareanu2013,	
author = {Pǎsǎreanu, Corina S. and Visser, Willem and Bushnell, David and Geldenhuys, Jaco and Mehlitz, Peter and Rungta, Neha},
title = {{Symbolic PathFinder: integrating symbolic execution with model checking for Java bytecode analysis}},
journal = {Automated Software Engineering},
volume = {20},
year = {2013},
doi = {10.1007/s10515-013-0122-2},
issn = {1573-7535},
month = {sep},
number = {3},
pages = {391--425},
url = {https://doi.org/10.1007/s10515-013-0122-2},
}

@inproceedings{Pavlo2009,
author = {Pavlo, Andrew and Paulson, Erik and Rasin, Alexander and Abadi, Daniel J. and DeWitt, David J. and Madden, Samuel and Stonebraker, Michael},
title = {A Comparison of Approaches to Large-scale Data Analysis},
booktitle = {Proceedings of the 2009 ACM SIGMOD International Conference on Management of Data},
series = {SIGMOD '09},
year = {2009},
isbn = {978-1-60558-551-2},
location = {Providence, Rhode Island, USA},
pages = {165--178},
numpages = {14},
url = {http://doi.acm.org/10.1145/1559845.1559865},
doi = {10.1145/1559845.1559865},
acmid = {1559865},
publisher = {ACM},
address = {New York, NY, USA},
keywords = {benchmarks, mapreduce, parallel database},
}

@inproceedings{Peled1993,
author = {Peled, Doron},
title = {All from One, One for All: On Model Checking Using Representatives},
booktitle = {Proceedings of the 5th International Conference on Computer Aided Verification},
series = {CAV '93},
year = {1993},
isbn = {3-540-56922-7},
pages = {409--423},
numpages = {15},
url = {http://dl.acm.org/citation.cfm?id=647762.735490},
acmid = {735490},
publisher = {Springer-Verlag},
address = {London, UK, UK},
} 

@inproceedings{Pnueli1977, 
author={A. Pnueli}, 
booktitle={18th Annual Symposium on Foundations of Computer Science (sfcs 1977)}, 
title={The temporal logic of programs}, 
year={1977}, 
pages={46-57}, 
keywords={Clocks;Logic;Operating systems;Power system modeling;Programming profession;Real time systems;Reasoning about programs;Safety;Stress;System recovery}, 
doi={10.1109/SFCS.1977.32}, 
ISSN={0272-5428}, 
month={Oct},
}

@phdthesis{Redelinghuys2012,
author = {Redelinghuys, Gideon},
file = {:home/omar/Documents/tu{\_}darmstadt/thesis/papers/jpf/symbolic/redelinghuys{\_}symbolic{\_}2012.pdf:pdf},
school = {University of Stellenbosch},
title = {{Symbolic String Execution}},
type = {Master Thesis},
year = {2012}
}

@inproceedings{Siegel2006,
author = {Siegel, Stephen F. and Mironova, Anastasia and Avrunin, George S. and Clarke, Lori A.},
title = {Using Model Checking with Symbolic Execution to Verify Parallel Numerical Programs},
booktitle = {Proceedings of the 2006 International Symposium on Software Testing and Analysis},
series = {ISSTA '06},
year = {2006},
isbn = {1-59593-263-1},
location = {Portland, Maine, USA},
pages = {157--168},
numpages = {12},
url = {http://doi.acm.org/10.1145/1146238.1146256},
doi = {10.1145/1146238.1146256},
acmid = {1146256},
publisher = {ACM},
address = {New York, NY, USA},
keywords = {MPI, concurrency, finite state verification, floating-point, high performance computing, message passing interface, model checking, numerical program, parallel programming, spin, symbolic execution},
}

@inbook{Souza,	
author = {Souza, Matheus and Borges, Mateus and D'Amorim, Marcelo and P$\backslash$uas$\backslash$uareanu, Corina S},
title = {{CORAL: Solving Complex Constraints for Symbolic PathFinder}},
booktitle = {NASA Formal Methods: Third International Symposium, NFM 2011, Pasadena, CA, USA, April 18-20, 2011. Proceedings},
year = {2011},
address = {Berlin, Heidelberg},
doi = {10.1007/978-3-642-20398-5_26},
editor = {Bobaru, Mihaela and Havelund, Klaus and Holzmann, Gerard J and Joshi, Rajeev},
isbn = {978-3-642-20398-5},
pages = {359--374},
publisher = {Springer Berlin Heidelberg},
url = {https://doi.org/10.1007/978-3-642-20398-5{\_}26},
}

@inproceedings{Tomb2007,
author = {Tomb, Aaron and Brat, Guillaume and Visser, Willem},
title = {Variably Interprocedural Program Analysis for Runtime Error Detection},
booktitle = {Proceedings of the 2007 International Symposium on Software Testing and Analysis},
series = {ISSTA '07},
year = {2007},
isbn = {978-1-59593-734-6},
location = {London, United Kingdom},
pages = {97--107},
numpages = {11},
url = {http://doi.acm.org/10.1145/1273463.1273478},
doi = {10.1145/1273463.1273478},
acmid = {1273478},
publisher = {ACM},
address = {New York, NY, USA},
keywords = {can-test, defect detection, generation, symbolic execution},
}

@inproceedings{Valmari1991,
author = {Valmari, Antti},
title = {Stubborn Sets for Reduced State Space Generation},
booktitle = {Proceedings of the 10th International Conference on Applications and Theory of Petri Nets: Advances in Petri Nets 1990},
year = {1991},
isbn = {3-540-53863-1},
pages = {491--515},
numpages = {25},
url = {http://dl.acm.org/citation.cfm?id=647736.735461},
acmid = {735461},
publisher = {Springer-Verlag},
address = {London, UK, UK},
} 

@inproceedings{Venkataraman2016,
author = {Venkataraman, Shivaram and Yang, Zongheng and Liu, Davies and Liang, Eric and Falaki, Hossein and Meng, Xiangrui and Xin, Reynold and Ghodsi, Ali and Franklin, Michael and Stoica, Ion and Zaharia, Matei},
title = {SparkR: Scaling R Programs with Spark},
booktitle = {Proceedings of the 2016 International Conference on Management of Data},
series = {SIGMOD '16},
year = {2016},
isbn = {978-1-4503-3531-7},
location = {San Francisco, California, USA},
pages = {1099--1104},
numpages = {6},
url = {http://doi.acm.org/10.1145/2882903.2903740},
doi = {10.1145/2882903.2903740},
acmid = {2903740},
publisher = {ACM},
address = {New York, NY, USA},
keywords = {R, spark, statistical computing},
}

@inproceedings{Visser2004a,
author = {Visser, Willem and Păsăreanu, Corina S. and Khurshid, Sarfraz},
title = {Test Input Generation with Java PathFinder},
booktitle = {Proceedings of the 2004 ACM SIGSOFT International Symposium on Software Testing and Analysis},
series = {ISSTA '04},
year = {2004},
isbn = {1-58113-820-2},
location = {Boston, Massachusetts, USA},
pages = {97--107},
numpages = {11},
url = {http://doi.acm.org/10.1145/1007512.1007526},
doi = {10.1145/1007512.1007526},
acmid = {1007526},
publisher = {ACM},
address = {New York, NY, USA},
keywords = {coverage, model checking, red-black trees, symbolic execution, testing object-oriented programs},
} 

@article{Visser2003,	
author = {Visser, Willem and Havelund, Klaus and Brat, Guillaume and Park, SeungJoon and Lerda, Flavio},
title = {{Model Checking Programs}},
journal = {Automated Software Engineering},
volume = {10},
year = {2003},
doi = {10.1023/A:1022920129859},
issn = {1573-7535},
month = {apr},
number = {2},
pages = {203--232},
url = {https://doi.org/10.1023/A:1022920129859},
}

@techreport{Wang,
abstract = {In this paper, we present NADSort, a sorting system on top of the distributed computing platform Apache Spark [1]. We report performance results of NADSort for Daytona CloudSort and Indy CloudSort benchmarks. NADSort is able to complete the 100TB Daytona CloudSort in 2983.33 seconds on random non-skewed datasets at an average cost of {\$}144.22 and 3057.67 seconds on skewed datasets at an average cost of {\$}147.82, and complete Indy CloudSort in 2983.33 seconds at an average cost of {\$}144.22.},
author = {Wang, Qian and Gu, Rong and Huang, Yihua and Xin, Reynold and Wu, Wei and Song, Jun and Xia, Junluan},
pages = {1--6},
title = {{NADSort}},
url = {http://sortbenchmark.org/NADSort2016.pdf},
year = {2016}
}

@inproceedings{Wang2014, 
author={L. Wang and J. Zhan and C. Luo and Y. Zhu and Q. Yang and Y. He and W. Gao and Z. Jia and Y. Shi and S. Zhang and C. Zheng and G. Lu and K. Zhan and X. Li and B. Qiu}, 
booktitle={2014 IEEE 20th International Symposium on High Performance Computer Architecture (HPCA)}, 
title={BigDataBench: A big data benchmark suite from internet services}, 
year={2014}, 
pages={488-499}, 
keywords={Big Data;Web services;cache storage;memory architecture;Big Data benchmark suite;Big Data systems;BigDataBench;CloudSuite;DCBench;HPCC;Intel Xeon E5645;Internet services;L1 instruction cache misses;MPKI;PARSEC;SPECCPU;big data benchmark suite;big data benchmarking;data management community;data sources;data types;memory access;micro-architecture characteristics;simulation-based big data architecture research;software stacks;system software stack;Benchmark testing;Computer architecture;Search engines;Social network services;System software}, 
doi={10.1109/HPCA.2014.6835958}, 
issn={1530-0897}, 
month={Feb},
}

@inproceedings{Xin2013,
author = {Xin, Reynold S. and Gonzalez, Joseph E. and Franklin, Michael J. and Stoica, Ion},
title = {GraphX: A Resilient Distributed Graph System on Spark},
booktitle = {First International Workshop on Graph Data Management Experiences and Systems},
series = {GRADES '13},
year = {2013},
isbn = {978-1-4503-2188-4},
location = {New York, New York},
pages = {2:1--2:6},
articleno = {2},
numpages = {6},
url = {http://doi.acm.org/10.1145/2484425.2484427},
doi = {10.1145/2484425.2484427},
acmid = {2484427},
publisher = {ACM},
address = {New York, NY, USA},
}

@techreport{Xin2014,
author = {Xin, Reynold and Deyhim, Parviz and Ghodsi, Ali and Meng, Xiangrui and Zaharia, Matei},
keywords = {web},
title = {{GraySort on Apache Spark by Databricks}},
url = {http://sortbenchmark.org/ApacheSpark2014.pdf},
year = {2014}
}

@article{Zaharia2012a,
author = {Zaharia, Matei and Chowdhury, Mosharaf and Das, Tathagata and Dave, Ankur},
title = {{Resilient distributed datasets: A fault-tolerant abstraction for in-memory cluster computing}},
journal = {NSDI'12 Proceedings of the 9th USENIX conference on Networked Systems Design and Implementation},
year = {2012},
doi = {10.1111/j.1095-8649.2005.00662.x},
isbn = {978-931971-92-8},
issn = {00221112},
pages = {2--2},
pmid = {2011},
url = {https://www.usenix.org/system/files/conference/nsdi12/nsdi12-final138.pdf},
}

@inproceedings{Zaharia2013,
author = {Zaharia, Matei and Das, Tathagata and Li, Haoyuan and Hunter, Timothy and Shenker, Scott and Stoica, Ion},
title = {Discretized Streams: Fault-tolerant Streaming Computation at Scale},
booktitle = {Proceedings of the Twenty-Fourth ACM Symposium on Operating Systems Principles},
series = {SOSP '13},
year = {2013},
isbn = {978-1-4503-2388-8},
location = {Farminton, Pennsylvania},
pages = {423--438},
numpages = {16},
url = {http://doi.acm.org/10.1145/2517349.2522737},
doi = {10.1145/2517349.2522737},
acmid = {2522737},
publisher = {ACM},
address = {New York, NY, USA},
}