@online{WebSpark2017,
title={Apache Spark™ - Lightning-Fast Cluster Computing},
url={http://spark.apache.org/},
urldate={2017}
}

@online{WebDatabricks2017, 
title={The Best Place to Run Apache® Spark™}, 
url={https://databricks.com/}, 
urldate={2017}
}

@online{WebScala2017, 
title={The Scala Programming Language},
url={https://www.scala-lang.org/},
urldate={2017}
}

@online{WebHadoop2017, 
title={Welcome to Apache™ Hadoop®!}, 
url={http://hadoop.apache.org/}, 
urldate={2017}
}

@online{WebApache2017, 
title={Welcome to The Apache Software Foundation!},
url={https://www.apache.org/},
urldate={2017}
}

@online{WebSortBenchmark2017,
title={Sort Benchmark Home Page},
url={http://sortbenchmark.org/},
urldate={2017}
}

@online{WebNASAAmes2017,
organization={National Aeronautics and Space Administration},
title={NASA's Ames Research Center},
url={https://www.nasa.gov/centers/ames/home/index.html},
urldate={2017}
}

@online{WebJPF2017,
organization={National Aeronautics and Space Administration},
title={Java PathFinder},
url={http://babelfish.arc.nasa.gov/trac/jpf/wiki},
urldate={2017}
}

@online{WebUbuntu2017,
organization={Canonical Ltd.},
title={The leading operating system for PCs, IoT devices, servers and the cloud | Ubuntu},
url={https://www.ubuntu.com/desktop},
urldate={2017}
}

@online{WebMercurial2017,
title={Mercurial, Source Control Management}, 
url={https://www.mercurial-scm.org/}, 
urldate={2017}
}

@online{WebAnt2017, 
title={Apache Ant}, 
url={http://ant.apache.org/}, 
urldate={2017}
}

@online{WebJUnit2017, 
title={JUnit}, 
url={http://junit.org}, 
urldate={2017}
}

@online{WebGoogleZeitgeist2017, 
organization={Google},
title={Google Zeitgeist 2012: A Year in Search}, 
url={http://www.google.com/zeitgeist/2012/#the-world}, 
urldata={2017}
}

@online{WebForbes2017, 
title={How Big Data Drives Success At Rolls-Royce}, url={https://www.forbes.com/sites/bernardmarr/2015/06/01/how-big-data-drives-success-at-rolls-royce/#1ce668951d69}, 
journal={Forbes}, 
publisher={Forbes Magazine}, 
author={Marr, Bernard}, 
year={2015}, 
month={Jul},
urldate={2017}
}

@online{WebRollsRoyce2017, 
organization={Rolls-Royce},
title={Engine health management}, 
url={http://www.rolls-royce.com/about/our-technology/enabling-technologies/engine-health-management.aspx#analyse}, 
urldate={2017}
}

@online{WebGartner2017, 
organization={Gartner},
title={Gartner's 2016 Hype Cycle for Emerging Technologies Identifies Three Key Trends That Organizations Must Track to Gain Competitive Advantage}, url={http://www.gartner.com/newsroom/id/3412017}, 
urlddate={2017}
}

@online{JaCoCo2017, 
organization={Mountainminds GmbH \& Co.},
title={JaCoCo Java Code Coverage Library}, 
url={http://www.eclemma.org/jacoco/}, 
urldate={2017},
}